@inproceedings{DeDinechin2013-2,
    address   = { Waltham, USA},
    author    = { de Dinechin, B. D. and
                  Ayrignac, R. and
                  Beaucamps, Pierre-E. and
                  Couvert, P. and
                  Ganne, B. and
                  de Massas, P. and
                  Jacquet, F. and
                  Jones, S. and
                  Chaisemartin, N. and
                  Riss, F. and
                  Strudel, T.
    },
    booktitle = { IEEE High Performance Extreme Computing Conf. },
    doi       = { 10.1109/HPEC.2013.6670342 },
    isbn      = { 978-1-4799-1365-7 },
    month     = { sep },
    pages     = { 1--6 },
    publisher = { IEEE },
    title     = { {A Clustered Manycore Processor Architecture for Embedded and Accelerated Applications} },
    year      = { 2013 }
}

@article{Francesquini2015,
    title = { {On the Energy Efficiency and Performance of Irregular
               Application Executions on Multicore, NUMA and Manycore Platforms}
    },
    author = { Francesquini, E. and
               Castro, M. and
               Penna, P. H. and
               Dupros, F. and
               Freitas, H. and
               Navaux, P. and
               Méhaut, Jean-F.
    },
    doi       = { 10.1016/j.jpdc.2014.11.002 },
    journal   = { Journal of Parallel and Distributed Computing (JPDC) },
    issn      = { 0743-7315 },
    address   = { Orlando },
    volume    = { 76 },
    number    = { C },
    publisher = { Elsevier - Academic Press },
    year      = { 2015 },
}

@inproceedings{Hascoet2017,
    address   = { Seoul },
    author    = { Hasco{\"{e}}t, J. and
                  de Dinechin, B. D. and
                  de Massas, P. G. and
                  Ho, M. Q.
    },
    booktitle = { Symp. on Embedded Systems for Real-Time Multimedia },
    doi       = { 10.1145/3139315.3139318 },
    isbn      = { 9781450351171 },
    month     = { oct },
    pages     = { 51--60 },
    publisher = { ACM Press },
    title     = { {Asynchronous One-Sided Communications and Synchronizations for a Clustered Manycore Processor}},
    year      = { 2017 }
}

@inproceedings{Penna2019-3,
    title     = { {On the Performance and Isolation of Asymmetric
                   Microkernel Design for Lightweight Manycores}
    },
    author    = { Penna, P. and
                  Souto, J. and
                  Lima, D. and
                  Castro, M. and
                  Broquedis, F. and
                  Cota de Freitas, H. and
                  Méhaut, Jean-F.
    },
    booktitle = { Brazilian Symp. on Computing Systems Engineering },
    address   = { Natal, Brazil },
    doi       = { 10.1109/SBESC49506.2019.9046080 },
    issn      = { 2324-7894},
    year      = { 2019 },
    month     = { november },
    pages     = { 1-8 }
}

@inproceedings{Souto2020,
    address   = { Porto Alegre, RS, Brasil },
    author    = { Souto, J. V. and
                  Penna, P. H. and
                  Castro, M. and
                  Freitas, H.
    },
    booktitle = { Escola Regional de Alto Desempenho da Região Sul },
    issn      = { 2595-4164 },
    location  = { Santa Maria, Brazil },
    pages     = { 1--4 },
    publisher = { SBC },
    series    = { ERAD/RS `20 },
    title     = { Mecanismos de Comunicação entre Clusters para Lightweight
                  Manycores no Nanvix OS},
    year      = { 2020 },
}

@article{Souza2017,
    title = { CAP Bench: A Benchmark Suite for Performance
              and Energy Evaluation of Low-Power Many-Core Processors
    },
    author = { Souza, M. and
               Penna, P. H. and
               Queiroz, M. and
               Pereira, A. and
               Góes, L. F. and
               Freitas, H. and
               Castro, M. and
               Navaux, P. and
               Méhaut, Jean-F.
    },
    doi       = { 10.1002/cpe.3892 },
    journal   = { Concurrency and Computation: Practice and Experience (CCPE) },
    issn      = { 1532-0626 },
    volume    = { 29 },
    number    = { 4 },
    publisher = { Wiley Online Library },
    year      = { 2017 },
    month     = { february },
    pages     = { 1--18 }
}
