@inproceedings{penna:sbesc19,
  TITLE = {{On the Performance and Isolation of Asymmetric Microkernel Design for Lightweight Manycores}},
  AUTHOR = {Penna, Pedro Henrique and Souto, Jo{\~a}o and Lima, Davidson Francis and Castro, M{\'a}rcio and Broquedis, Fran{\c c}ois and Freitas, Henrique H and Mehaut, Jean-Fran{\c c}ois},
  URL = {https://hal.archives-ouvertes.fr/hal-02297637},
  BOOKTITLE = {{SBESC}},
  ADDRESS = {Natal, Brazil},
  PAGES = {1-8},
  YEAR = {2019},
  MONTH = Nov,
  KEYWORDS = {Manycore ; MPPA-256 ; Operating System ; Kernel},
  PDF = {https://hal.archives-ouvertes.fr/hal-02297637/file/sbesc19%20%281%29.pdf},
  HAL_ID = {hal-02297637},
  HAL_VERSION = {v2}
}

@misc{souto:tcc,
  author = {Souto, João Vicente and Penna, Pedro H. and Castro, Márcio},
  title = {An Inter-Cluster Communication Facility for Lightweight Manycore Processors in the Nanvix {OS}},
  year = {2019},
  url = {https://repositorio.ufsc.br/bitstream/handle/123456789/202469/joaovicentesouto-tcc.pdf},
  note = {Trabalho de Conclusão, UFSC},
  institution = {UFSC}
}
